@Article{shadows,
  author       = {Franklin C. Crow},
  date         = {1977},
  journaltitle = {Computer Graphics (SIGGRAPH '77 Proceedings)},
  title        = {Shadow Algorithms for Computer Graphics},
  issn         = {0097-8930},
  number       = {2},
  pages        = {242-248},
  url          = {https://www.cs.rpi.edu/~cutler/classes/advancedgraphics/S13/papers/crow_shadows_77.pdf},
  volume       = {11},
}

@Book{state,
  author     = {Robert Nystrom},
  title      = {Game Programming Patterns},
  chapter    = {II},
  titleaddon = {State},
  url        = {https://gameprogrammingpatterns.com/state.html},
}

@Article{textureSurvey,
  author       = {P.S. Heckbert},
  date         = {1986},
  month = {11},
  journaltitle = {IEEE Computer Graphics \& Applications},
  title        = {Survey of Texture Mapping},
  pages        = {56-67},
}

@Online{fear,
  author = {Jeff Orkin},
  date   = {2006},
  title  = {Three States and a Plan: The A.I. of F.E.A.R. },
  url    = {https://alumni.media.mit.edu/~jorkin/gdc2006_orkin_jeff_fear.pdf},
}

@Article{texture,
  author       = {James F. Blinn, Martin E. Newell},
  date         = {1976},
  month = {10},
  day = {01},
  journaltitle = {Communications of the ACM},
  title        = {Texture and reflection in computer generated images},
  number       = {10},
  pages        = {542â€“547},
  url          = {https://doi.org/10.1145/360349.360353},
  volume       = {19},
}
