@Article{shadowvolume,
  author       = {Franklin C. Crow},
  date         = {1977},
  journaltitle = {Computer Graphics (SIGGRAPH '77 Proceedings)},
  title        = {Shadow Algorithms for Computer Graphics},
  issn         = {0097-8930},
  number       = {2},
  pages        = {242-248},
  url          = {https://www.cs.rpi.edu/~cutler/classes/advancedgraphics/S13/papers/crow_shadows_77.pdf},
  volume       = {11},
}

@Article{shadowmapping,
  author       = {Lance Williams},
  date         = {1978},
  journaltitle = {ACM SIGGRAPH Computer Graphics},
  title        = {Casting curved shadows on curved surfaces},
  number       = {3},
  pages        = {270-274},
  url          = {https://doi.org/10.1145/965139.807402},
  volume       = {12},
}

@Book{gamestate,
  author     = {Robert Nystrom},
  title      = {Game Programming Patterns},
  chapter    = {II},
  titleaddon = {State},
  url        = {https://gameprogrammingpatterns.com/state.html},
}

@Article{textureSurvey,
  author       = {P.S. Heckbert},
  date         = {1986},
  month = {11},
  journaltitle = {IEEE Computer Graphics \& Applications},
  title        = {Survey of Texture Mapping},
  pages        = {56-67},
}

@Online{fear,
  author = {Jeff Orkin},
  date   = {2006},
  title  = {Three States and a Plan: The A.I. of F.E.A.R. },
  url    = {https://alumni.media.mit.edu/~jorkin/gdc2006_orkin_jeff_fear.pdf},
}

@Article{texture,
  author       = {James F. Blinn, Martin E. Newell},
  date         = {1976},
  month = {10},
  day = {01},
  journaltitle = {Communications of the ACM},
  title        = {Texture and reflection in computer generated images},
  number       = {10},
  pages        = {542–547},
  url          = {https://doi.org/10.1145/360349.360353},
  volume       = {19},
}

@Thesis{hitreg,
  author      = {Jonathan Lundgren},
  date        = {2021},
  institution = {Linköping University},
  title       = {Implementation and Evaluation of Hit Registration in Networked First Person Shooters},
  type        = {mathesis},
  url         = {https://liu.diva-portal.org/smash/get/diva2:1605200/FULLTEXT01.pdf},
}

@Book{rtbook,
  author  = {Steve Marschner, Peter Shirley},
  date    = {2016},
  title   = {Fundamentals of Computer Graphics},
  chapter = {4},
}

@Book{learnopengl,
  author    = {Joey de Vries},
  date      = {2020},
  title     = {Learn OpenGL: Learn Modern OpenGL Graphics Programming in a Step-by-step Fashion.},
  publisher = {Kendall \& Welling},
}

@Online{scc,
  url = {https://github.com/boyter/scc},
}

@Book{gofsingleton,
  author    = {Erich Gamma and Richard Helm and Ralph Johnson and John M. Vlissides},
  date      = {1994},
  title     = {Design Patterns: Elements of Reusable Object-Oriented Software},
  chapter   = {3. Creational Patterns},
  edition   = {1},
  isbn      = {0201633612},
  pages     = {144-152},
  publisher = {Addison-Wesley Professional},
}

@Book{gofstate,
  author    = {Erich Gamma and Richard Helm and Ralph Johnson and John M. Vlissides},
  date      = {1994},
  title     = {Design Patterns: Elements of Reusable Object-Oriented Software},
  chapter   = {5. Behavioral Patterns},
  edition   = {1},
  isbn      = {0201633612},
  pages     = {338-348},
  publisher = {Addison-Wesley Professional},
}
